<record><leader>00000cas a2200000 a 4500</leader><controlfield tag="001">70683992</controlfield><controlfield tag="006">m     o  d        </controlfield><controlfield tag="007">cr anu||||||||</controlfield><controlfield tag="008">060724d18741897mdumr nso     0    0eng c</controlfield><datafield ind1=" " ind2=" " tag="010"><subfield code="a">  2007255253</subfield></datafield><datafield ind1=" " ind2=" " tag="040"><subfield code="a">APSON</subfield><subfield code="b">eng</subfield><subfield code="c">APSON</subfield><subfield code="d">ZCU</subfield><subfield code="d">GUA</subfield><subfield code="d">DLC</subfield><subfield code="d">OCLCQ</subfield><subfield code="d">OCLCF</subfield><subfield code="d">OCLCO</subfield><subfield code="d">OCLCQ</subfield></datafield><datafield ind1=" " ind2=" " tag="042"><subfield code="a">pcc</subfield></datafield><datafield ind1=" " ind2=" " tag="043"><subfield code="a">n-us-md</subfield></datafield><datafield ind1="1" ind2="4" tag="050"><subfield code="a">S1</subfield></datafield><datafield ind1="0" ind2=" " tag="130"><subfield code="a">American farmer (Baltimore, Md. : 1874 : Online)</subfield></datafield><datafield ind1="1" ind2="4" tag="245"><subfield code="a">The American farmer.</subfield></datafield><datafield ind1=" " ind2=" " tag="260"><subfield code="a">Baltimore :</subfield><subfield code="b">Samuel Sands &amp; Son,</subfield><subfield code="c">1874-</subfield></datafield><datafield ind1=" " ind2=" " tag="310"><subfield code="a">Monthly</subfield></datafield><datafield ind1=" " ind2=" " tag="336"><subfield code="a">text</subfield><subfield code="b">txt</subfield><subfield code="2">rdacontent</subfield></datafield><datafield ind1=" " ind2=" " tag="337"><subfield code="a">computer</subfield><subfield code="b">c</subfield><subfield code="2">rdamedia</subfield></datafield><datafield ind1=" " ind2=" " tag="338"><subfield code="a">online resource</subfield><subfield code="b">cr</subfield><subfield code="2">rdacarrier</subfield></datafield><datafield ind1="0" ind2=" " tag="362"><subfield code="a">New ser. [8th] v. 3, no. 1 (Jan. 1874)-</subfield></datafield><datafield ind1="1" ind2=" " tag="362"><subfield code="a">Print ceased with: new ser., no. 90 (Feb. 1897?).</subfield></datafield><datafield ind1=" " ind2=" " tag="500"><subfield code="a">Title from PDF caption (Proquest, viewed Feb. 28, 2007).</subfield></datafield><datafield ind1=" " ind2=" " tag="500"><subfield code="a">"Devoted to agriculture, horticulture and rural life," Jan. 1881-&lt;Feb. 1897&gt;.</subfield></datafield><datafield ind1=" " ind2=" " tag="515"><subfield code="a">New ser., no. 25-90 also known as 74th-78th years.</subfield></datafield><datafield ind1=" " ind2=" " tag="530"><subfield code="a">Also issued in print and on microfilm from University Microfilms.</subfield></datafield><datafield ind1=" " ind2=" " tag="538"><subfield code="a">Mode of access: World Wide Web.</subfield></datafield><datafield ind1=" " ind2="0" tag="651"><subfield code="a">Baltimore (Md.)</subfield><subfield code="v">Newspapers.</subfield></datafield><datafield ind1=" " ind2="7" tag="651"><subfield code="a">Maryland</subfield><subfield code="z">Baltimore.</subfield><subfield code="2">fast</subfield><subfield code="0">(OCoLC)fst01204292</subfield></datafield><datafield ind1=" " ind2="7" tag="655"><subfield code="a">Newspapers.</subfield><subfield code="2">fast</subfield><subfield code="0">(OCoLC)fst01423814</subfield></datafield><datafield ind1=" " ind2=" " tag="752"><subfield code="a">United States</subfield><subfield code="b">Maryland</subfield><subfield code="d">Baltimore.</subfield></datafield><datafield ind1="1" ind2=" " tag="776"><subfield code="t">American farmer (Baltimore, Md. : 1874)</subfield><subfield code="x">2155-8744</subfield><subfield code="w">(DLC)sn 83026143</subfield><subfield code="w">(OCoLC)3584678</subfield></datafield><datafield ind1="0" ind2="0" tag="780"><subfield code="t">American farmer and rural register (Online)</subfield><subfield code="w">(DLC)  2007255029</subfield><subfield code="w">(OCoLC)70683960</subfield></datafield><datafield ind1="0" ind2="4" tag="785"><subfield code="t">American agriculturist (Online)</subfield><subfield code="w">(DLC)  2008266748</subfield><subfield code="w">(OCoLC)56845954</subfield></datafield><datafield ind1="4" ind2="0" tag="856"><subfield code="u">http://proquest.umi.com/pqdweb</subfield></datafield><datafield ind1="1" ind2=" " tag="029"><subfield code="a">AU@</subfield><subfield code="b">000041318353</subfield></datafield></record>